@inproceedings{horne2017,
  title     = {This just in: Fake news packs a lot in title, uses simpler, repetitive content in text body, more similar to satire than real news},
  author    = {Horne, Benjamin and Adali, Sibel},
  booktitle = {Proceedings of the international AAAI conference on web and social media},
  volume    = {11},
  number    = {1},
  pages     = {759--766},
  year      = {2017}
}

@inproceedings{py-gensim,
  title     = {{Software Framework for Topic Modelling with Large Corpora}},
  author    = {Radim {\v R}eh{\r u}{\v r}ek and Petr Sojka},
  booktitle = {{Proceedings of the LREC 2010 Workshop on New
               Challenges for NLP Frameworks}},
  pages     = {45--50},
  year      = 2010,
  month     = May,
  day       = 22,
  publisher = {ELRA},
  address   = {Valletta, Malta},
  language  = {English}
}

@online{py-newspaper,
  author = {Ou-Yang, Lucas},
  title  = {newspaper3k},
  url    = {https://newspaper.readthedocs.io/en/latest/},
  year   = {2013}
}

@book{nltk,
  title     = {Natural language processing with Python: analyzing text with the natural language toolkit},
  author    = {Bird, Steven and Klein, Ewan and Loper, Edward},
  year      = {2009},
  publisher = {"O'Reilly Media, Inc."}
}
